
@article{CARBONELL2023108313,
title = {An open source {M}odelica implementation of the {IEC} 61400-27-1 type 4 wind turbine model for power system stability assessment},
journal = {Electric Power Systems Research},
volume = {214},
pages = {108313},
year = {2023},
issn = {0378-7796},
doi = {https://doi.org/10.1016/j.epsr.2022.108313},
author = {Borja Carbonell and Carmen Cardozo and Quentin Cossart and Thibault Prevost and Gilles Torresan and Emeline Guiu},
keywords = {Power system modeling, Power system control, Converters, Stability analysis}
}
%url = {https://www.sciencedirect.com/science/article/pii/S0378779622004953},


@book{PhadkeThorp17,
title={Synchronized phasor measurements and their applications},
edition={Second},
author={Phadke, Arun G and Thorp, James S},
year={2017},
publisher={Springer},
doi = {10.1007/978-3-319-50584-8}
}


@article{Wang04,
title={A practical, precise method for frequency tracking and phasor estimation},
author={Wang, Maohai and Sun, Yuanzhang},
journal={IEEE transactions on power delivery},
volume={19},
number={4},
pages={1547--1552},
year={2004},
publisher={IEEE}
}


@book{Smith99,
title = {The Scientist and Engineer’s Guide to Digital Signal Processing},
edition = {Second},
author = {Smith, Steven W},
year = {1999},
publisher={California Technical Publishing}
}


@article{Robertson03,
title = {Design and responses of Butterworth and critically damped digital filters},
author = {Robertson, D Gordon E and Dowling, James J},
journal = {Journal of Electromyography and Kinesiology},
volume = {13},
number = {6},
pages = {569--573},
year = {2003}
}


@techreport{iec27-1,
type = {Standard},
author = {},
month = jan,
year = {2020},
title = {{IEC 61400-27-1 Wind energy generation systems - Part 27-1: Electrical simulation models – Generic models}},
institution = {International Electrotechnical Commission}
}

@techreport{iec27-2,
type = {Standard},
author = {},
month = jan,
year = {2020},
title = {{IEC 61400-27-2 Wind energy generation systems - Part 27-2: Electrical simulation models - Model validation}},
institution = {International Electrotechnical Commission}
}


@techreport{wecc,
author = {Pouyan Pourbeik},
month = jan,
year = {2014},
title = {{WECC Second Generation Wind Turbine Models}},
institution = {Electric Power Research Institute (EPRI)},
howpublished = {\url{https://www.wecc.org/Reliability/WECC\%20Second\%20Generation\%20Wind\%20Turbine\%20Models\%20012314.pdf}},
note = {[Online; accessed 06-sept-2021]}}


@techreport{weccgl,
author = {WECC Renewable Energy Modeling Task Force},
month = apr,
year = {2014},
title = {WECC Wind Plant Dynamic Modeling Guidelines},
institution = {Western Electricity Coordinating Council Modeling and Validation Work Group},
howpublished = {\url{https://www.wecc.org/Reliability/WECC\%20Wind\%20Plant\%20Dynamic\%20Modeling\20Guidelines.pdf}},
note = {[Online; accessed 06-sept-2021]}}


@techreport{pmu-int,
type = {Standard},
key = {{IEC/IEEE 60255-118-1:2018}},
author={}, 
title={{IEC/IEEE International Standard - Measuring relays and protection equipment - Part 118-1: Synchrophasor for power systems - Measurements}}, 
year={2018},
institution = {IEC/IEEE},
doi={10.1109/IEEESTD.2018.8577045}}


