
@Comment{The bibliography file common to all reports}


@online{Dynawo,
title = {Dyna{\textomega}o\,---\,A hybrid {C}++/{M}odelica open source suite of
                  simulation tools for power systems},
url = {https://dynawo.github.io/},
date = {2015/2021},
organization = {RTE}
}


@online{DwoGitRepos,
title = {Dyna{\textomega}o git repositories},
url = {https://github.com/dynawo/dynawo},
date = {2015/2021},
organization = {RTE}
}


@online{Modelica,
title = {Modelica\,---\,A Unified Object-Oriented Language for Systems
                  Modeling},
url = {http://modelica.org},
date = {1996/2021},
organization = {Modelica Association}
}


@online{DTRhome,
title = {Documentation technique de référence},
url = {https://www.services-rte.com/fr/decouvrez-nos-offres-de-service/raccorder-une-installation-de-production.html},
date = {2022},
organization = {RTE}
}

